
@article{Delmas2019AnaEco,
  title = {Analysing Ecological Networks of Species Interactions},
  author = {Delmas, Eva and Besson, Mathilde and Brice, Marie-Hélène and Burkle, Laura A. and Riva, Giulio V. Dalla and Fortin, Marie-Josée and Gravel, Dominique and Guimarães, Paulo R. and Hembry, David H. and Newman, Erica A. and Olesen, Jens M. and Pires, Mathias M. and Yeakel, Justin D. and Poisot, Timothée},
  date = {2019},
  journaltitle = {Biological Reviews},
  volume = {94},
  pages = {16--36},
  issn = {1469-185X},
  doi = {10.1111/brv.12433},
  url = {https://onlinelibrary.wiley.com/doi/abs/10.1111/brv.12433},
  urldate = {2021-02-26},
  langid = {english},
  number = {1}
}

@article{MacDonald2020RevLina,
  title = {Revisiting the {{Links}}-{{Species Scaling Relationship}} in {{Food Webs}}},
  author = {MacDonald, Arthur Andrew Meahan and Banville, Francis and Poisot, Timothée},
  date = {2020-10-09},
  journaltitle = {Patterns},
  shortjournal = {Patterns},
  volume = {1},
  pages = {100079},
  issn = {2666-3899},
  doi = {10.1016/j.patter.2020.100079},
  url = {https://www.sciencedirect.com/science/article/pii/S2666389920301070},
  urldate = {2021-02-26},
  langid = {english},
  number = {7}
}


